@inproceedings{miangoleh2021boosting,
  title={Boosting monocular depth estimation models to high-resolution via content-adaptive multi-resolution merging},
  author={Miangoleh, S Mahdi H and Dille, Sebastian and Mai, Long and Paris, Sylvain and Aksoy, Yagiz},
  booktitle={Proceedings of the IEEE/CVF Conference on Computer Vision and Pattern Recognition},
  pages={9685--9694},
  year={2021}
}


@article{careaga2023intrinsic,
  title={Intrinsic Image Decomposition via Ordinal Shading},
  author={Careaga, Chris and Aksoy, Ya{\u{g}}{\i}z},
  journal={ACM Transactions on Graphics},
  volume={43},
  number={1},
  pages={1--24},
  year={2023},
  publisher={ACM New York, NY, USA}
}


@article{careaga2023intrinsic2,
  title={Intrinsic Harmonization for Illumination-Aware Compositing},
  author={Careaga, Chris and Miangoleh, S Mahdi H and Aksoy, Ya{\u{g}}{\i}z},
  journal={arXiv preprint arXiv:2312.03698},
  year={2023}
}


@inproceedings{eftekhar2021omnidata,
  title={Omnidata: A scalable pipeline for making multi-task mid-level vision datasets from 3d scans},
  author={Eftekhar, Ainaz and Sax, Alexander and Malik, Jitendra and Zamir, Amir},
  booktitle={Proceedings of the IEEE/CVF International Conference on Computer Vision},
  pages={10786--10796},
  year={2021}
}


@article{bhat2023zoedepth,
  title={Zoedepth: Zero-shot transfer by combining relative and metric depth},
  author={Bhat, Shariq Farooq and Birkl, Reiner and Wofk, Diana and Wonka, Peter and M{\"u}ller, Matthias},
  journal={arXiv preprint arXiv:2302.12288},
  year={2023}
}